% I highly recommend using JabRef as your reference manager.

@Article{Elgamal1985,
  author   = {Elgamal, T.},
  journal  = {IEEE Transactions on Information Theory},
  title    = {A public key cryptosystem and a signature scheme based on discrete logarithms},
  year     = {1985},
  issn     = {1557-9654},
  month    = jul,
  number   = {4},
  pages    = {469--472},
  volume   = {31},
  abstract = {A new signature scheme is proposed, together with an implementation of the Diffie-Hellman key distribution scheme that achieves a public key cryptosystem. The security of both systems relies on the difficulty of computing discrete logarithms over finite fields.},
  doi      = {10.1109/TIT.1985.1057074},
  groups   = {Encryption},
  url      = {https://ieeexplore.ieee.org/document/1057074},
}